@article{phan2012multiscale,
  title={Multiscale integration of-omic, imaging, and clinical data in biomedical informatics},
  author={Phan, John H and Quo, Chang F and Cheng, Chihwen and Wang, May Dongmei},
  journal={Biomedical Engineering, IEEE Reviews in},
  volume={5},
  pages={74--87},
  year={2012},
  publisher={IEEE}
}

@article{wu2009genome,
	title={Genome-wide association analysis by lasso penalized logistic regression},
	author={Wu, Tong Tong and Chen, Yi Fang and Hastie, Trevor and Sobel, Eric and Lange, Kenneth},
	journal={Bioinformatics},
	volume={25},
	number={6},
	pages={714--721},
	year={2009},
	publisher={Oxford Univ Press}
}

@article{tibshirani1997lasso,
	title={The lasso method for variable selection in the Cox model},
	author={Tibshirani, Robert and others},
	journal={Statistics in medicine},
	volume={16},
	number={4},
	pages={385--395},
	year={1997}
}

@incollection{cox1992regression,
	title={Regression models and life-tables},
	author={Cox, David R},
	booktitle={Breakthroughs in statistics},
	pages={527--541},
	year={1992},
	publisher={Springer}
}

@article{thomas2014tutorial,
	title={Tutorial: survival estimation for Cox regression models with time-varying coefficients using SAS and R},
	author={Thomas, Laine and Reyes, Eric M},
	journal={Journal of Statistical Software},
	volume={61},
	year={2014}
}

@article{bewick2004statistics,
	title={Statistics review 12: survival analysis},
	author={Bewick, Viv and Cheek, Liz and Ball, Jonathan},
	journal={CRITICAL CARE-LONDON-},
	volume={8},
	pages={389--394},
	year={2004}
}

@misc{caltechmachinelearning,
	author={Prof. Yaser Abu-Mostafa},
	title={Machine Learning online course},
	howpublished = {\url{https://work.caltech.edu/telecourse.html}},
	school={California Institute of Technology},
	year={2012}
}

@misc{glmnetvignette,
	author={Prof. Trevor Hastie and Junyang Qian},
	title={Glmnet Vignette},
	howpublished = {\url{http://web.stanford.edu/~hastie/glmnet/glmnet_alpha.html}},
	school={Stanford University},
	year={2014}
}

@misc{wikilinearregression,
	title={Linear Regression},
	howpublished = {\url{https://en.wikipedia.org/wiki/Linear_regression}}
}

@misc{wikiglm,
	title={Generalized linear model},
	howpublished = {\url{https://en.wikipedia.org/wiki/Generalized_linear_model}}
}

@misc{wikilogistic,
	title={Logistic regression},
	howpublished = {\url{https://en.wikipedia.org/wiki/Logistic_regression}}
}

@misc{wikiclassification,
	title={Linear classification},
	howpublished = {\url{https://en.wikipedia.org/wiki/Linear_classifier}}
}

@misc{wikigd,
	title={Gradient Descent},
	howpublished = {\url{https://en.wikipedia.org/wiki/Gradient_descent}}
}

@misc{gradientdescentvariants,
	title={Gradient Descent variants},
	howpublished = {\url{http://sebastianruder.com/optimizing-gradient-descent/}}
}

@misc{gradientdirection,
	title={Gradient and directional derivative},
	howpublished = {\url{http://math.oregonstate.edu/home/programs/undergrad/CalculusQuestStudyGuides/vcalc/grad/grad.html}}
}

@misc{gradientdirection2,
	title={Understanding the Gradient},
	howpublished = {\url{https://betterexplained.com/articles/vector-calculus-understanding-the-gradient/}}
}

@misc{convexerrorlogistic,
	title={Logistic regression error surface proof of convexity},
	howpublished = {\url{http://mathgotchas.blogspot.be/2011/10/why-is-error-function-minimized-in.html}}
}

@article{babyak2004you,
	title={What you see may not be what you get: a brief, nontechnical introduction to overfitting in regression-type models},
	author={Babyak, Michael A},
	journal={Psychosomatic medicine},
	volume={66},
	number={3},
	pages={411--421},
	year={2004},
	publisher={LWW}
}

@article{zou2005regularization,
	title={Regularization and variable selection via the elastic net},
	author={Zou, Hui and Hastie, Trevor},
	journal={Journal of the Royal Statistical Society: Series B (Statistical Methodology)},
	volume={67},
	number={2},
	pages={301--320},
	year={2005},
	publisher={Wiley Online Library}
}

@article{friedman2010regularization,
	title={Regularization paths for generalized linear models via coordinate descent},
	author={Friedman, Jerome and Hastie, Trevor and Tibshirani, Rob},
	journal={Journal of statistical software},
	volume={33},
	number={1},
	pages={1},
	year={2010},
	publisher={NIH Public Access}
}

@inproceedings{kohavi1995study,
	title={A study of cross-validation and bootstrap for accuracy estimation and model selection},
	author={Kohavi, Ron and others},
	booktitle={Ijcai},
	volume={14},
	number={2},
	pages={1137--1145},
	year={1995}
}









